%@article{LEPP2014343,
%title = "The relationship between cell phone use, academic performance, anxiety, and Satisfaction with Life in college students",
%journal = "Computers in Human Behavior",
%volume = "31",
%pages = "343 - 350",
%year = "2014",
%issn = "0747-5632",
%doi = "https://doi.org/10.1016/j.chb.2013.10.049",
%url = "http://www.sciencedirect.com/science/article/pii/S0747563213003993",
%author = "Andrew Lepp and Jacob E. Barkley and Aryn C. Karpinski",
%keywords = "Mobile phones, GPA, Anxiety, Satisfaction with Life, Technology, Post-secondary education"
%}
%
%@article{TAVOLACCI2016S254,
%title = "Mésusage du téléphone mobile et nomophobie chez les étudiants",
%journal = "Revue d'Épidémiologie et de Santé Publique",
%volume = "64",
%pages = "S254 - S255",
%year = "2016",
%note = "VIIe Congrès International d’Épidémiologie \"Épidémiologie et santé publique\" Rennes, 7–9 septembre 2016",
%issn = "0398-7620",
%doi = "https://doi.org/10.1016/j.respe.2016.06.307",
%url = "http://www.sciencedirect.com/science/article/pii/S039876201630596X",
%author = "M.-P. Tavolacci and P. Déchelotte and J. Ladner",
%keywords = "Troubles du comportement alimentaire, Insomnie, Nomophobie, Étudiants, Téléphone mobile"
%}