%% This BibTeX bibliography file was created using BibDesk.
%% http://bibdesk.sourceforge.net/

%% Created for Mathieu Dostie at 2018-08-12 18:13:17 -0400 


%% Saved with string encoding Unicode (UTF-8) 



@article{react,
	Author = {Mantra Malhotra},
	Date-Added = {2018-08-12 18:12:02 -0400},
	Date-Modified = {2018-08-12 18:13:03 -0400},
	Journal = {HackerNoon},
	Month = {July},
	Title = {React Native vs Flutter: Which Is More Startup friendly?},
	Year = {2018}}
